@book{MIL,
  author = {Jeremy Avigad and Patrick Massot},
  year = {2023},
  title = {Mathematics in Lean},
  url = {https://leanprover-community.github.io/mathematics_in_lean/mathematics_in_lean.pdf}
}

@book{TPiL,
  author = {Jeremy Avigad and Leonardo {de Moura}
            and Soonho Kong and Sebastian Ullrich},
  year = {2023},
  title = {Theorem Proving in Lean 4},
  url = {https://lean-lang.org/theorem_proving_in_lean4/}
}

@book{FPiL,
  author = {David Christiansen},
  year = {2023},
  title = {Functional Programming in Lean},
  url = {https://lean-lang.org/functional_programming_in_lean/}
}

@book{Macbeth,
  author = {Heather Macbeth},
  year = {2023},
  title = {The Mechanics of Proof},
  url = {https://hrmacbeth.github.io/math2001/index.html}
}

@book{Buzzard,
  title = {Formalising Mathematics},
  author = {Kevin Buzzard},
  year = {2022},
  url = {https://www.ma.imperial.ac.uk/~buzzard/xena/formalising-mathematics-2024/index.html}
}

@book{RealAnalysis,
  title = {An Introduction to Proof through Real Analysis},
  author = {Madden, D.J. and Aubrey, J.A.},
  isbn = {9781119314745},
  lccn = {2017023296},
  url = {https://books.google.com/books?id=7kkzDwAAQBAJ},
  year = {2017},
  publisher = {Wiley}
}

@book{Munkres,
  title = {Topology},
  author = {Munkres, J.R.},
  isbn = {9780131816299},
  lccn = {99052942},
  series = {Featured Titles for Topology},
  url = {https://books.google.com/books?id=XjoZAQAAIAAJ},
  year = {2000},
  publisher = {Prentice Hall, Incorporated}
}

@book{Uniform,
  title = {Topologies and Uniformities},
  author = {James, I.M.},
  isbn = {9781447139942},
  lccn = {98041748},
  series = {Springer Undergraduate Mathematics Series},
  url = {https://books.google.com/books?id=k4nbBwAAQBAJ},
  year = {2013},
  publisher = {Springer London}
}

@misc{GrenierLIT,
  author = {Grenier, Rafael},
  title = {Lean-Intro-Topology},
  year = {2024},
  publisher = {GitHub},
  journal = {GitHub repository},
  url = {https://github.com/charlespwd/project-title}
}